<record><leader>00000cas a22000007a 4500</leader><controlfield tag="001">23676592</controlfield><controlfield tag="008">910502d18961918nyuwr ne      0    0eng d</controlfield><datafield ind1=" " ind2=" " tag="010"><subfield code="a">sn 91066408 </subfield></datafield><datafield ind1=" " ind2=" " tag="040"><subfield code="a">NYS</subfield><subfield code="b">eng</subfield><subfield code="c">NYS</subfield><subfield code="d">OCLCQ</subfield></datafield><datafield ind1=" " ind2=" " tag="042"><subfield code="a">msc</subfield></datafield><datafield ind1="0" ind2="4" tag="245"><subfield code="a">The Smyrna press.</subfield></datafield><datafield ind1=" " ind2=" " tag="260"><subfield code="a">Smyrna, Chenango County, N.Y. :</subfield><subfield code="b">The Press</subfield></datafield><datafield ind1=" " ind2=" " tag="300"><subfield code="a">v. :</subfield><subfield code="b">ill. ;</subfield><subfield code="c">55 cm.</subfield></datafield><datafield ind1=" " ind2=" " tag="310"><subfield code="a">Weekly</subfield></datafield><datafield ind1="0" ind2=" " tag="362"><subfield code="a">Vol. 1, no. 1 (Dec. 30, 1896)-v. 22, no. 29 (June 27, 1918).</subfield></datafield><datafield ind1=" " ind2=" " tag="500"><subfield code="a">Publishers: The Press, 1896- ; W.S. Phillips, &lt;1904&gt;; Albert G. Ladd, &lt;1911&gt;-1918.</subfield></datafield><datafield ind1=" " ind2=" " tag="500"><subfield code="a">Editor: L.D. Blanchard, &lt;1896&gt;.</subfield></datafield><datafield ind1=" " ind2="4" tag="651"><subfield code="a">Smyrna (N.Y.)</subfield><subfield code="v">Newspapers.</subfield></datafield><datafield ind1=" " ind2=" " tag="752"><subfield code="a">United States</subfield><subfield code="b">New York</subfield><subfield code="c">Chenango</subfield><subfield code="d">Smyrna.</subfield></datafield><datafield ind1="1" ind2=" " tag="029"><subfield code="a">AU@</subfield><subfield code="b">000025907795</subfield></datafield></record>